%YAML 1.1
%TAG !u! tag:unity3d.com,2011:
--- !u!1 &1963197495548790932
GameObject:
  m_ObjectHideFlags: 0
  m_CorrespondingSourceObject: {fileID: 0}
  m_PrefabInstance: {fileID: 0}
  m_PrefabAsset: {fileID: 0}
  serializedVersion: 6
  m_Component:
  - component: {fileID: 3911230462814008356}
  m_Layer: 0
  m_Name: Wheel Meshes
  m_TagString: Untagged
  m_Icon: {fileID: 0}
  m_NavMeshLayer: 0
  m_StaticEditorFlags: 0
  m_IsActive: 1
--- !u!4 &3911230462814008356
Transform:
  m_ObjectHideFlags: 0
  m_CorrespondingSourceObject: {fileID: 0}
  m_PrefabInstance: {fileID: 0}
  m_PrefabAsset: {fileID: 0}
  m_GameObject: {fileID: 1963197495548790932}
  m_LocalRotation: {x: -0, y: -0, z: -0, w: 1}
  m_LocalPosition: {x: 0, y: 0, z: 0}
  m_LocalScale: {x: 1, y: 1, z: 1}
  m_ConstrainProportionsScale: 0
  m_Children:
  - {fileID: 3010983459165944402}
  - {fileID: 8331090442406515216}
  - {fileID: 3917441263341524762}
  - {fileID: 6076943177879246103}
  m_Father: {fileID: 5073685024737755126}
  m_RootOrder: 0
  m_LocalEulerAnglesHint: {x: 0, y: 0, z: 0}
--- !u!1 &4747885664153535573
GameObject:
  m_ObjectHideFlags: 0
  m_CorrespondingSourceObject: {fileID: 0}
  m_PrefabInstance: {fileID: 0}
  m_PrefabAsset: {fileID: 0}
  serializedVersion: 6
  m_Component:
  - component: {fileID: 4747885664153535570}
  - component: {fileID: 4747885664153535571}
  - component: {fileID: 4747885664153535572}
  - component: {fileID: 7910204574993952290}
  m_Layer: 0
  m_Name: Main Camera
  m_TagString: MainCamera
  m_Icon: {fileID: 0}
  m_NavMeshLayer: 0
  m_StaticEditorFlags: 0
  m_IsActive: 1
--- !u!4 &4747885664153535570
Transform:
  m_ObjectHideFlags: 0
  m_CorrespondingSourceObject: {fileID: 0}
  m_PrefabInstance: {fileID: 0}
  m_PrefabAsset: {fileID: 0}
  m_GameObject: {fileID: 4747885664153535573}
  m_LocalRotation: {x: -0, y: 0.9999999, z: 0.0004968578, w: 0}
  m_LocalPosition: {x: 0, y: 1.48, z: 5.08}
  m_LocalScale: {x: 1, y: 1, z: 1}
  m_ConstrainProportionsScale: 0
  m_Children: []
  m_Father: {fileID: 5073685024737755126}
  m_RootOrder: 2
  m_LocalEulerAnglesHint: {x: 180.057, y: 0, z: -180}
--- !u!20 &4747885664153535571
Camera:
  m_ObjectHideFlags: 0
  m_CorrespondingSourceObject: {fileID: 0}
  m_PrefabInstance: {fileID: 0}
  m_PrefabAsset: {fileID: 0}
  m_GameObject: {fileID: 4747885664153535573}
  m_Enabled: 1
  serializedVersion: 2
  m_ClearFlags: 1
  m_BackGroundColor: {r: 0.19215687, g: 0.3019608, b: 0.4745098, a: 0}
  m_projectionMatrixMode: 1
  m_GateFitMode: 2
  m_FOVAxisMode: 0
  m_SensorSize: {x: 36, y: 24}
  m_LensShift: {x: 0, y: 0}
  m_FocalLength: 50
  m_NormalizedViewPortRect:
    serializedVersion: 2
    x: 0
    y: 0
    width: 1
    height: 1
  near clip plane: 0.3
  far clip plane: 1000
  field of view: 55.7
  orthographic: 0
  orthographic size: 5
  m_Depth: -1
  m_CullingMask:
    serializedVersion: 2
    m_Bits: 4294967295
  m_RenderingPath: -1
  m_TargetTexture: {fileID: 0}
  m_TargetDisplay: 0
  m_TargetEye: 3
  m_HDR: 1
  m_AllowMSAA: 1
  m_AllowDynamicResolution: 0
  m_ForceIntoRT: 0
  m_OcclusionCulling: 1
  m_StereoConvergence: 10
  m_StereoSeparation: 0.022
--- !u!81 &4747885664153535572
AudioListener:
  m_ObjectHideFlags: 0
  m_CorrespondingSourceObject: {fileID: 0}
  m_PrefabInstance: {fileID: 0}
  m_PrefabAsset: {fileID: 0}
  m_GameObject: {fileID: 4747885664153535573}
  m_Enabled: 1
--- !u!114 &7910204574993952290
MonoBehaviour:
  m_ObjectHideFlags: 0
  m_CorrespondingSourceObject: {fileID: 0}
  m_PrefabInstance: {fileID: 0}
  m_PrefabAsset: {fileID: 0}
  m_GameObject: {fileID: 4747885664153535573}
  m_Enabled: 1
  m_EditorHideFlags: 0
  m_Script: {fileID: 11500000, guid: c2b3b0a72bb00fa43baa38a7b406976c, type: 3}
  m_Name: 
  m_EditorClassIdentifier: 
  followTarget: {fileID: 5558155568772162892}
  cameraHeight: 1
  cameraDistance: 5
  smoothTime: 0.3
--- !u!1 &4747885664238804173
GameObject:
  m_ObjectHideFlags: 0
  m_CorrespondingSourceObject: {fileID: 0}
  m_PrefabInstance: {fileID: 0}
  m_PrefabAsset: {fileID: 0}
  serializedVersion: 6
  m_Component:
  - component: {fileID: 4747885664238804172}
  - component: {fileID: 4747885664238804171}
  m_Layer: 0
  m_Name: wc_RR
  m_TagString: Untagged
  m_Icon: {fileID: 0}
  m_NavMeshLayer: 0
  m_StaticEditorFlags: 0
  m_IsActive: 1
--- !u!4 &4747885664238804172
Transform:
  m_ObjectHideFlags: 0
  m_CorrespondingSourceObject: {fileID: 0}
  m_PrefabInstance: {fileID: 0}
  m_PrefabAsset: {fileID: 0}
  m_GameObject: {fileID: 4747885664238804173}
  m_LocalRotation: {x: 0, y: 0, z: 0, w: 1}
  m_LocalPosition: {x: -0.865, y: 0.212, z: 1.147}
  m_LocalScale: {x: 1, y: 1, z: 1}
  m_ConstrainProportionsScale: 0
  m_Children: []
  m_Father: {fileID: 4747885665022253643}
  m_RootOrder: 3
  m_LocalEulerAnglesHint: {x: 0, y: 0, z: 0}
--- !u!146 &4747885664238804171
WheelCollider:
  m_ObjectHideFlags: 0
  m_CorrespondingSourceObject: {fileID: 0}
  m_PrefabInstance: {fileID: 0}
  m_PrefabAsset: {fileID: 0}
  m_GameObject: {fileID: 4747885664238804173}
  m_Center: {x: 0, y: 0, z: 0}
  m_Radius: 0.3
  m_SuspensionSpring:
    spring: 45000
    damper: 4500
    targetPosition: 0.5
  m_SuspensionDistance: 0.15
  m_ForceAppPointDistance: 0
  m_Mass: 70
  m_WheelDampingRate: 0.25
  m_ForwardFriction:
    m_ExtremumSlip: 0.4
    m_ExtremumValue: 1
    m_AsymptoteSlip: 0.8
    m_AsymptoteValue: 0.7
    m_Stiffness: 1
  m_SidewaysFriction:
    m_ExtremumSlip: 0.2
    m_ExtremumValue: 1
    m_AsymptoteSlip: 0.5
    m_AsymptoteValue: 0.75
    m_Stiffness: 1
  m_Enabled: 1
--- !u!1 &4747885664365063399
GameObject:
  m_ObjectHideFlags: 0
  m_CorrespondingSourceObject: {fileID: 0}
  m_PrefabInstance: {fileID: 0}
  m_PrefabAsset: {fileID: 0}
  serializedVersion: 6
  m_Component:
  - component: {fileID: 4747885664365063398}
  - component: {fileID: 4747885664365063397}
  m_Layer: 0
  m_Name: wc_FR
  m_TagString: Untagged
  m_Icon: {fileID: 0}
  m_NavMeshLayer: 0
  m_StaticEditorFlags: 0
  m_IsActive: 1
--- !u!4 &4747885664365063398
Transform:
  m_ObjectHideFlags: 0
  m_CorrespondingSourceObject: {fileID: 0}
  m_PrefabInstance: {fileID: 0}
  m_PrefabAsset: {fileID: 0}
  m_GameObject: {fileID: 4747885664365063399}
  m_LocalRotation: {x: 0, y: 0, z: 0, w: 1}
  m_LocalPosition: {x: -0.82, y: 0.21200007, z: -0.996}
  m_LocalScale: {x: 1, y: 1, z: 1}
  m_ConstrainProportionsScale: 0
  m_Children: []
  m_Father: {fileID: 4747885665022253643}
  m_RootOrder: 1
  m_LocalEulerAnglesHint: {x: 0, y: 0, z: 0}
--- !u!146 &4747885664365063397
WheelCollider:
  m_ObjectHideFlags: 0
  m_CorrespondingSourceObject: {fileID: 0}
  m_PrefabInstance: {fileID: 0}
  m_PrefabAsset: {fileID: 0}
  m_GameObject: {fileID: 4747885664365063399}
  m_Center: {x: 0, y: 0, z: 0}
  m_Radius: 0.3
  m_SuspensionSpring:
    spring: 45000
    damper: 4500
    targetPosition: 0.5
  m_SuspensionDistance: 0.15
  m_ForceAppPointDistance: 0
  m_Mass: 70
  m_WheelDampingRate: 0.25
  m_ForwardFriction:
    m_ExtremumSlip: 0.4
    m_ExtremumValue: 1
    m_AsymptoteSlip: 0.8
    m_AsymptoteValue: 0.7
    m_Stiffness: 1
  m_SidewaysFriction:
    m_ExtremumSlip: 0.2
    m_ExtremumValue: 1
    m_AsymptoteSlip: 0.5
    m_AsymptoteValue: 0.75
    m_Stiffness: 1
  m_Enabled: 1
--- !u!1 &4747885664834395689
GameObject:
  m_ObjectHideFlags: 0
  m_CorrespondingSourceObject: {fileID: 0}
  m_PrefabInstance: {fileID: 0}
  m_PrefabAsset: {fileID: 0}
  serializedVersion: 6
  m_Component:
  - component: {fileID: 4747885664834395688}
  - component: {fileID: 4747885664834395703}
  m_Layer: 0
  m_Name: wc_FL
  m_TagString: Untagged
  m_Icon: {fileID: 0}
  m_NavMeshLayer: 0
  m_StaticEditorFlags: 0
  m_IsActive: 1
--- !u!4 &4747885664834395688
Transform:
  m_ObjectHideFlags: 0
  m_CorrespondingSourceObject: {fileID: 0}
  m_PrefabInstance: {fileID: 0}
  m_PrefabAsset: {fileID: 0}
  m_GameObject: {fileID: 4747885664834395689}
  m_LocalRotation: {x: 0, y: 0, z: 0, w: 1}
  m_LocalPosition: {x: 0.82, y: 0.21200007, z: -0.996}
  m_LocalScale: {x: 1, y: 1, z: 1}
  m_ConstrainProportionsScale: 0
  m_Children: []
  m_Father: {fileID: 4747885665022253643}
  m_RootOrder: 0
  m_LocalEulerAnglesHint: {x: 0, y: 0, z: 0}
--- !u!146 &4747885664834395703
WheelCollider:
  m_ObjectHideFlags: 0
  m_CorrespondingSourceObject: {fileID: 0}
  m_PrefabInstance: {fileID: 0}
  m_PrefabAsset: {fileID: 0}
  m_GameObject: {fileID: 4747885664834395689}
  m_Center: {x: 0, y: 0, z: 0}
  m_Radius: 0.3
  m_SuspensionSpring:
    spring: 45000
    damper: 4500
    targetPosition: 0.5
  m_SuspensionDistance: 0.15
  m_ForceAppPointDistance: 0
  m_Mass: 70
  m_WheelDampingRate: 0.25
  m_ForwardFriction:
    m_ExtremumSlip: 0.4
    m_ExtremumValue: 1
    m_AsymptoteSlip: 0.8
    m_AsymptoteValue: 0.7
    m_Stiffness: 1
  m_SidewaysFriction:
    m_ExtremumSlip: 0.2
    m_ExtremumValue: 1
    m_AsymptoteSlip: 0.5
    m_AsymptoteValue: 0.75
    m_Stiffness: 1
  m_Enabled: 1
--- !u!1 &4747885665022253644
GameObject:
  m_ObjectHideFlags: 0
  m_CorrespondingSourceObject: {fileID: 0}
  m_PrefabInstance: {fileID: 0}
  m_PrefabAsset: {fileID: 0}
  serializedVersion: 6
  m_Component:
  - component: {fileID: 4747885665022253643}
  m_Layer: 0
  m_Name: Wheel Colliders
  m_TagString: Untagged
  m_Icon: {fileID: 0}
  m_NavMeshLayer: 0
  m_StaticEditorFlags: 0
  m_IsActive: 1
--- !u!4 &4747885665022253643
Transform:
  m_ObjectHideFlags: 0
  m_CorrespondingSourceObject: {fileID: 0}
  m_PrefabInstance: {fileID: 0}
  m_PrefabAsset: {fileID: 0}
  m_GameObject: {fileID: 4747885665022253644}
  m_LocalRotation: {x: 0, y: 0, z: 0, w: 1}
  m_LocalPosition: {x: 0, y: 0, z: 0}
  m_LocalScale: {x: 1, y: 1, z: 1}
  m_ConstrainProportionsScale: 0
  m_Children:
  - {fileID: 4747885664834395688}
  - {fileID: 4747885664365063398}
  - {fileID: 4747885665078843426}
  - {fileID: 4747885664238804172}
  m_Father: {fileID: 5073685024737755126}
  m_RootOrder: 1
  m_LocalEulerAnglesHint: {x: 0, y: 0, z: 0}
--- !u!1 &4747885665078843427
GameObject:
  m_ObjectHideFlags: 0
  m_CorrespondingSourceObject: {fileID: 0}
  m_PrefabInstance: {fileID: 0}
  m_PrefabAsset: {fileID: 0}
  serializedVersion: 6
  m_Component:
  - component: {fileID: 4747885665078843426}
  - component: {fileID: 4747885665078843425}
  m_Layer: 0
  m_Name: wc_RL
  m_TagString: Untagged
  m_Icon: {fileID: 0}
  m_NavMeshLayer: 0
  m_StaticEditorFlags: 0
  m_IsActive: 1
--- !u!4 &4747885665078843426
Transform:
  m_ObjectHideFlags: 0
  m_CorrespondingSourceObject: {fileID: 0}
  m_PrefabInstance: {fileID: 0}
  m_PrefabAsset: {fileID: 0}
  m_GameObject: {fileID: 4747885665078843427}
  m_LocalRotation: {x: 0, y: 0, z: 0, w: 1}
  m_LocalPosition: {x: 0.865, y: 0.21200007, z: 1.147}
  m_LocalScale: {x: 1, y: 1, z: 1}
  m_ConstrainProportionsScale: 0
  m_Children: []
  m_Father: {fileID: 4747885665022253643}
  m_RootOrder: 2
  m_LocalEulerAnglesHint: {x: 0, y: 0, z: 0}
--- !u!146 &4747885665078843425
WheelCollider:
  m_ObjectHideFlags: 0
  m_CorrespondingSourceObject: {fileID: 0}
  m_PrefabInstance: {fileID: 0}
  m_PrefabAsset: {fileID: 0}
  m_GameObject: {fileID: 4747885665078843427}
  m_Center: {x: 0, y: 0, z: 0}
  m_Radius: 0.3
  m_SuspensionSpring:
    spring: 45000
    damper: 4500
    targetPosition: 0.5
  m_SuspensionDistance: 0.15
  m_ForceAppPointDistance: 0
  m_Mass: 70
  m_WheelDampingRate: 0.25
  m_ForwardFriction:
    m_ExtremumSlip: 0.4
    m_ExtremumValue: 1
    m_AsymptoteSlip: 0.8
    m_AsymptoteValue: 0.7
    m_Stiffness: 1
  m_SidewaysFriction:
    m_ExtremumSlip: 0.2
    m_ExtremumValue: 1
    m_AsymptoteSlip: 0.5
    m_AsymptoteValue: 0.75
    m_Stiffness: 1
  m_Enabled: 1
--- !u!1 &5558155568772162892
GameObject:
  m_ObjectHideFlags: 0
  m_CorrespondingSourceObject: {fileID: 0}
  m_PrefabInstance: {fileID: 0}
  m_PrefabAsset: {fileID: 0}
  serializedVersion: 6
  m_Component:
  - component: {fileID: 5073685024737755126}
  - component: {fileID: 8198383328432844883}
  - component: {fileID: 6206652406229992601}
  - component: {fileID: 4747885664431069284}
  - component: {fileID: 4747885664431069295}
  - component: {fileID: 4747885664431069294}
  - component: {fileID: 4747885664431069293}
  - component: {fileID: 4747885664431069292}
  - component: {fileID: 4747885664431069301}
  - component: {fileID: 4747885664431069300}
  - component: {fileID: 4747885664431069299}
  - component: {fileID: 2787705396895957245}
  - component: {fileID: 8241050706098441242}
  m_Layer: 0
  m_Name: 911
  m_TagString: Untagged
  m_Icon: {fileID: 0}
  m_NavMeshLayer: 0
  m_StaticEditorFlags: 0
  m_IsActive: 1
--- !u!4 &5073685024737755126
Transform:
  m_ObjectHideFlags: 0
  m_CorrespondingSourceObject: {fileID: 0}
  m_PrefabInstance: {fileID: 0}
  m_PrefabAsset: {fileID: 0}
  m_GameObject: {fileID: 5558155568772162892}
  m_LocalRotation: {x: 0, y: 0, z: 0, w: 1}
  m_LocalPosition: {x: 0, y: 0, z: 0}
  m_LocalScale: {x: 1, y: 1, z: 1}
  m_ConstrainProportionsScale: 0
  m_Children:
  - {fileID: 3911230462814008356}
  - {fileID: 4747885665022253643}
  - {fileID: 4747885664153535570}
  m_Father: {fileID: 0}
  m_RootOrder: 0
  m_LocalEulerAnglesHint: {x: 0, y: 0, z: 0}
--- !u!33 &8198383328432844883
MeshFilter:
  m_ObjectHideFlags: 0
  m_CorrespondingSourceObject: {fileID: 0}
  m_PrefabInstance: {fileID: 0}
  m_PrefabAsset: {fileID: 0}
  m_GameObject: {fileID: 5558155568772162892}
  m_Mesh: {fileID: -3274738827889995038, guid: f91e1024ff1f8584383d437dd6170015, type: 3}
--- !u!23 &6206652406229992601
MeshRenderer:
  m_ObjectHideFlags: 0
  m_CorrespondingSourceObject: {fileID: 0}
  m_PrefabInstance: {fileID: 0}
  m_PrefabAsset: {fileID: 0}
  m_GameObject: {fileID: 5558155568772162892}
  m_Enabled: 1
  m_CastShadows: 1
  m_ReceiveShadows: 1
  m_DynamicOccludee: 1
  m_StaticShadowCaster: 0
  m_MotionVectors: 1
  m_LightProbeUsage: 1
  m_ReflectionProbeUsage: 1
  m_RayTracingMode: 2
  m_RayTraceProcedural: 0
  m_RenderingLayerMask: 1
  m_RendererPriority: 0
  m_Materials:
  - {fileID: 2100000, guid: 915f953abb45e0543bebd52c1f46f085, type: 2}
  - {fileID: 2100000, guid: e9e45af60c6dabd43ba04e7502cff0ee, type: 2}
  - {fileID: 2100000, guid: 0a20ff2bdf868b34fa9f2b6bd8f2cb0a, type: 2}
  - {fileID: 2100000, guid: dbd30da39b451464bae0917c3938614b, type: 2}
  - {fileID: 2100000, guid: e1c8058ce939b0c4da0bca41b550451a, type: 2}
  - {fileID: 2100000, guid: 44bb1b4fd987db546bb9e185e787f420, type: 2}
  - {fileID: 2100000, guid: 7620541d801bd43408bdee7862bf55b4, type: 2}
  m_StaticBatchInfo:
    firstSubMesh: 0
    subMeshCount: 0
  m_StaticBatchRoot: {fileID: 0}
  m_ProbeAnchor: {fileID: 0}
  m_LightProbeVolumeOverride: {fileID: 0}
  m_ScaleInLightmap: 1
  m_ReceiveGI: 1
  m_PreserveUVs: 0
  m_IgnoreNormalsForChartDetection: 0
  m_ImportantGI: 0
  m_StitchLightmapSeams: 1
  m_SelectedEditorRenderState: 3
  m_MinimumChartSize: 4
  m_AutoUVMaxDistance: 0.5
  m_AutoUVMaxAngle: 89
  m_LightmapParameters: {fileID: 0}
  m_SortingLayerID: 0
  m_SortingLayer: 0
  m_SortingOrder: 0
  m_AdditionalVertexStreams: {fileID: 0}
--- !u!54 &4747885664431069284
Rigidbody:
  m_ObjectHideFlags: 0
  m_CorrespondingSourceObject: {fileID: 0}
  m_PrefabInstance: {fileID: 0}
  m_PrefabAsset: {fileID: 0}
  m_GameObject: {fileID: 5558155568772162892}
  serializedVersion: 2
  m_Mass: 2000
  m_Drag: 0.1
  m_AngularDrag: 0.05
  m_UseGravity: 1
  m_IsKinematic: 0
  m_Interpolate: 1
  m_Constraints: 0
  m_CollisionDetection: 0
--- !u!136 &4747885664431069295
CapsuleCollider:
  m_ObjectHideFlags: 0
  m_CorrespondingSourceObject: {fileID: 0}
  m_PrefabInstance: {fileID: 0}
  m_PrefabAsset: {fileID: 0}
  m_GameObject: {fileID: 5558155568772162892}
  m_Material: {fileID: 0}
  m_IsTrigger: 0
  m_Enabled: 1
  m_Radius: 0.3
  m_Height: 1.49
  m_Direction: 0
  m_Center: {x: 0, y: 0.42, z: 1.91}
--- !u!136 &4747885664431069294
CapsuleCollider:
  m_ObjectHideFlags: 0
  m_CorrespondingSourceObject: {fileID: 0}
  m_PrefabInstance: {fileID: 0}
  m_PrefabAsset: {fileID: 0}
  m_GameObject: {fileID: 5558155568772162892}
  m_Material: {fileID: 0}
  m_IsTrigger: 0
  m_Enabled: 1
  m_Radius: 0.275
  m_Height: 1.49
  m_Direction: 0
  m_Center: {x: 0, y: 0.36, z: -1.61}
--- !u!65 &4747885664431069293
BoxCollider:
  m_ObjectHideFlags: 0
  m_CorrespondingSourceObject: {fileID: 0}
  m_PrefabInstance: {fileID: 0}
  m_PrefabAsset: {fileID: 0}
  m_GameObject: {fileID: 5558155568772162892}
  m_Material: {fileID: 0}
  m_IsTrigger: 0
  m_Enabled: 1
  serializedVersion: 2
  m_Size: {x: 0.15, y: 0.32, z: 1.25}
  m_Center: {x: 0.68, y: 0.53, z: 0.03}
--- !u!65 &4747885664431069292
BoxCollider:
  m_ObjectHideFlags: 0
  m_CorrespondingSourceObject: {fileID: 0}
  m_PrefabInstance: {fileID: 0}
  m_PrefabAsset: {fileID: 0}
  m_GameObject: {fileID: 5558155568772162892}
  m_Material: {fileID: 0}
  m_IsTrigger: 0
  m_Enabled: 1
  serializedVersion: 2
  m_Size: {x: 0.15, y: 0.32, z: 1.25}
  m_Center: {x: -0.68, y: 0.53, z: 0.03}
--- !u!136 &4747885664431069301
CapsuleCollider:
  m_ObjectHideFlags: 0
  m_CorrespondingSourceObject: {fileID: 0}
  m_PrefabInstance: {fileID: 0}
  m_PrefabAsset: {fileID: 0}
  m_GameObject: {fileID: 5558155568772162892}
  m_Material: {fileID: 0}
  m_IsTrigger: 0
  m_Enabled: 1
  m_Radius: 0.11
  m_Height: 1.35
  m_Direction: 2
  m_Center: {x: 0.75, y: 0.22, z: 0.02}
--- !u!136 &4747885664431069300
CapsuleCollider:
  m_ObjectHideFlags: 0
  m_CorrespondingSourceObject: {fileID: 0}
  m_PrefabInstance: {fileID: 0}
  m_PrefabAsset: {fileID: 0}
  m_GameObject: {fileID: 5558155568772162892}
  m_Material: {fileID: 0}
  m_IsTrigger: 0
  m_Enabled: 1
  m_Radius: 0.11
  m_Height: 1.35
  m_Direction: 2
  m_Center: {x: -0.75, y: 0.22, z: 0.02}
--- !u!136 &4747885664431069299
CapsuleCollider:
  m_ObjectHideFlags: 0
  m_CorrespondingSourceObject: {fileID: 0}
  m_PrefabInstance: {fileID: 0}
  m_PrefabAsset: {fileID: 0}
  m_GameObject: {fileID: 5558155568772162892}
  m_Material: {fileID: 0}
  m_IsTrigger: 0
  m_Enabled: 1
  m_Radius: 0.36
  m_Height: 1.84
  m_Direction: 2
  m_Center: {x: 0.00000002980233, y: 0.63, z: 0.43}
--- !u!114 &2787705396895957245
MonoBehaviour:
  m_ObjectHideFlags: 0
  m_CorrespondingSourceObject: {fileID: 0}
  m_PrefabInstance: {fileID: 0}
  m_PrefabAsset: {fileID: 0}
  m_GameObject: {fileID: 5558155568772162892}
  m_Enabled: 1
  m_EditorHideFlags: 0
  m_Script: {fileID: 11500000, guid: d4f3c4357e8d93344b71e4d8f53da798, type: 3}
  m_Name: 
  m_EditorClassIdentifier: 
  CarBody: {fileID: 4747885664431069284}
  rearLeftColl: {fileID: 4747885665078843425}
  rearRightColl: {fileID: 4747885664238804171}
  frontLeftColl: {fileID: 4747885664834395703}
  frontRightColl: {fileID: 4747885664365063397}
  rearLeftWheel: {fileID: 8331090442406515216}
  rearRightWheel: {fileID: 6076943177879246103}
  frontLeftWheel: {fileID: 3010983459165944402}
  frontRightWheel: {fileID: 3917441263341524762}
  horsePower: 700
  maxSteerAngle: 25
  brakeStrength: 2000
  handBrakeStrength: 5000
  minEngineRPM: 1000
  gear_1_Ratio: 0.5
  gear_2_Ratio: 0.65
  gear_3_Ratio: 0.69
  gear_4_Ratio: 0.75
  gear_5_Ratio: 0.79
  gear_6_Ratio: 0.8
  gear_Reverse_Ratio: -1
--- !u!114 &8241050706098441242
MonoBehaviour:
  m_ObjectHideFlags: 0
  m_CorrespondingSourceObject: {fileID: 0}
  m_PrefabInstance: {fileID: 0}
  m_PrefabAsset: {fileID: 0}
  m_GameObject: {fileID: 5558155568772162892}
  m_Enabled: 1
  m_EditorHideFlags: 0
  m_Script: {fileID: 11500000, guid: 62899f850307741f2a39c98a8b639597, type: 3}
  m_Name: 
  m_EditorClassIdentifier: 
  m_Actions: {fileID: -944628639613478452, guid: 3808f1290b744fb4ab8c4865c3c144b2, type: 3}
  m_NotificationBehavior: 2
  m_UIInputModule: {fileID: 0}
  m_DeviceLostEvent:
    m_PersistentCalls:
      m_Calls: []
  m_DeviceRegainedEvent:
    m_PersistentCalls:
      m_Calls: []
  m_ControlsChangedEvent:
    m_PersistentCalls:
      m_Calls: []
  m_ActionEvents:
  - m_PersistentCalls:
      m_Calls:
      - m_Target: {fileID: 2787705396895957245}
        m_TargetAssemblyTypeName: CarController_01, Assembly-CSharp
        m_MethodName: Acceleration
        m_Mode: 0
        m_Arguments:
          m_ObjectArgument: {fileID: 0}
          m_ObjectArgumentAssemblyTypeName: UnityEngine.Object, UnityEngine
          m_IntArgument: 0
          m_FloatArgument: 0
          m_StringArgument: 
          m_BoolArgument: 0
        m_CallState: 2
    m_ActionId: 67f20a95-19c9-44b7-9dd8-f71a96c1d96f
    m_ActionName: Driving/Acceleration[/Keyboard/upArrow]
  - m_PersistentCalls:
      m_Calls:
      - m_Target: {fileID: 2787705396895957245}
        m_TargetAssemblyTypeName: CarController_01, Assembly-CSharp
        m_MethodName: Steering
        m_Mode: 0
        m_Arguments:
          m_ObjectArgument: {fileID: 0}
          m_ObjectArgumentAssemblyTypeName: UnityEngine.Object, UnityEngine
          m_IntArgument: 0
          m_FloatArgument: 0
          m_StringArgument: 
          m_BoolArgument: 0
        m_CallState: 2
    m_ActionId: 0147cf9e-8f3e-4d9f-9b18-b5eb4f26247d
    m_ActionName: Driving/Steering[/Keyboard/leftArrow,/Keyboard/rightArrow]
  - m_PersistentCalls:
      m_Calls:
      - m_Target: {fileID: 2787705396895957245}
        m_TargetAssemblyTypeName: CarController_01, Assembly-CSharp
        m_MethodName: Brakes
        m_Mode: 0
        m_Arguments:
          m_ObjectArgument: {fileID: 0}
          m_ObjectArgumentAssemblyTypeName: UnityEngine.Object, UnityEngine
          m_IntArgument: 0
          m_FloatArgument: 0
          m_StringArgument: 
          m_BoolArgument: 0
        m_CallState: 2
    m_ActionId: 7873f9ca-3cdf-4cd6-a132-583ca289932d
    m_ActionName: Driving/Brakes[/Keyboard/downArrow]
  - m_PersistentCalls:
      m_Calls:
      - m_Target: {fileID: 2787705396895957245}
        m_TargetAssemblyTypeName: CarController_01, Assembly-CSharp
        m_MethodName: HandBrake
        m_Mode: 0
        m_Arguments:
          m_ObjectArgument: {fileID: 0}
          m_ObjectArgumentAssemblyTypeName: UnityEngine.Object, UnityEngine
          m_IntArgument: 0
          m_FloatArgument: 0
          m_StringArgument: 
          m_BoolArgument: 0
        m_CallState: 2
    m_ActionId: ed79d453-d416-43e3-8b9d-08ea8fc13733
    m_ActionName: Driving/Hand Brake[/Keyboard/space]
  - m_PersistentCalls:
      m_Calls:
      - m_Target: {fileID: 2787705396895957245}
        m_TargetAssemblyTypeName: CarController_01, Assembly-CSharp
        m_MethodName: EngageReverse
        m_Mode: 0
        m_Arguments:
          m_ObjectArgument: {fileID: 0}
          m_ObjectArgumentAssemblyTypeName: UnityEngine.Object, UnityEngine
          m_IntArgument: 0
          m_FloatArgument: 0
          m_StringArgument: 
          m_BoolArgument: 0
        m_CallState: 2
    m_ActionId: 65435936-8e3b-49b7-9861-2f8d2e806595
    m_ActionName: Driving/Engage Reverse[/Keyboard/r]
  m_NeverAutoSwitchControlSchemes: 0
  m_DefaultControlScheme: 
  m_DefaultActionMap: Driving
  m_SplitScreenIndex: -1
  m_Camera: {fileID: 4747885664153535571}
--- !u!1001 &3333667568347307449
PrefabInstance:
  m_ObjectHideFlags: 0
  serializedVersion: 2
  m_Modification:
    m_TransformParent: {fileID: 3911230462814008356}
    m_Modifications:
    - target: {fileID: -8679921383154817045, guid: 14ea81f45f726354ba33ed37cbe8a0f2, type: 3}
      propertyPath: m_RootOrder
      value: 0
      objectReference: {fileID: 0}
    - target: {fileID: -8679921383154817045, guid: 14ea81f45f726354ba33ed37cbe8a0f2, type: 3}
      propertyPath: m_LocalPosition.x
      value: 0.838
      objectReference: {fileID: 0}
    - target: {fileID: -8679921383154817045, guid: 14ea81f45f726354ba33ed37cbe8a0f2, type: 3}
      propertyPath: m_LocalPosition.y
      value: 0.154
      objectReference: {fileID: 0}
    - target: {fileID: -8679921383154817045, guid: 14ea81f45f726354ba33ed37cbe8a0f2, type: 3}
      propertyPath: m_LocalPosition.z
      value: -0.993
      objectReference: {fileID: 0}
    - target: {fileID: -8679921383154817045, guid: 14ea81f45f726354ba33ed37cbe8a0f2, type: 3}
      propertyPath: m_LocalRotation.w
      value: 0.7071067
      objectReference: {fileID: 0}
    - target: {fileID: -8679921383154817045, guid: 14ea81f45f726354ba33ed37cbe8a0f2, type: 3}
      propertyPath: m_LocalRotation.x
      value: -0.7071068
      objectReference: {fileID: 0}
    - target: {fileID: -8679921383154817045, guid: 14ea81f45f726354ba33ed37cbe8a0f2, type: 3}
      propertyPath: m_LocalRotation.y
      value: 0
      objectReference: {fileID: 0}
    - target: {fileID: -8679921383154817045, guid: 14ea81f45f726354ba33ed37cbe8a0f2, type: 3}
      propertyPath: m_LocalRotation.z
      value: -0
      objectReference: {fileID: 0}
    - target: {fileID: -8679921383154817045, guid: 14ea81f45f726354ba33ed37cbe8a0f2, type: 3}
      propertyPath: m_LocalEulerAnglesHint.x
      value: 0
      objectReference: {fileID: 0}
    - target: {fileID: -8679921383154817045, guid: 14ea81f45f726354ba33ed37cbe8a0f2, type: 3}
      propertyPath: m_LocalEulerAnglesHint.y
      value: 0
      objectReference: {fileID: 0}
    - target: {fileID: -8679921383154817045, guid: 14ea81f45f726354ba33ed37cbe8a0f2, type: 3}
      propertyPath: m_LocalEulerAnglesHint.z
      value: 0
      objectReference: {fileID: 0}
    - target: {fileID: 919132149155446097, guid: 14ea81f45f726354ba33ed37cbe8a0f2, type: 3}
      propertyPath: m_Name
      value: wm_FL
      objectReference: {fileID: 0}
    m_RemovedComponents: []
  m_SourcePrefab: {fileID: 100100000, guid: 14ea81f45f726354ba33ed37cbe8a0f2, type: 3}
--- !u!4 &3010983459165944402 stripped
Transform:
  m_CorrespondingSourceObject: {fileID: -8679921383154817045, guid: 14ea81f45f726354ba33ed37cbe8a0f2, type: 3}
  m_PrefabInstance: {fileID: 3333667568347307449}
  m_PrefabAsset: {fileID: 0}
--- !u!1001 &3591397981650202865
PrefabInstance:
  m_ObjectHideFlags: 0
  serializedVersion: 2
  m_Modification:
    m_TransformParent: {fileID: 3911230462814008356}
    m_Modifications:
    - target: {fileID: -8679921383154817045, guid: de7c880acb597b64b98d6707fbca412f, type: 3}
      propertyPath: m_RootOrder
      value: 2
      objectReference: {fileID: 0}
    - target: {fileID: -8679921383154817045, guid: de7c880acb597b64b98d6707fbca412f, type: 3}
      propertyPath: m_LocalPosition.x
      value: -0.785
      objectReference: {fileID: 0}
    - target: {fileID: -8679921383154817045, guid: de7c880acb597b64b98d6707fbca412f, type: 3}
      propertyPath: m_LocalPosition.y
      value: 0.156
      objectReference: {fileID: 0}
    - target: {fileID: -8679921383154817045, guid: de7c880acb597b64b98d6707fbca412f, type: 3}
      propertyPath: m_LocalPosition.z
      value: -0.989
      objectReference: {fileID: 0}
    - target: {fileID: -8679921383154817045, guid: de7c880acb597b64b98d6707fbca412f, type: 3}
      propertyPath: m_LocalRotation.w
      value: 1
      objectReference: {fileID: 0}
    - target: {fileID: -8679921383154817045, guid: de7c880acb597b64b98d6707fbca412f, type: 3}
      propertyPath: m_LocalRotation.x
      value: 0.000000081460335
      objectReference: {fileID: 0}
    - target: {fileID: -8679921383154817045, guid: de7c880acb597b64b98d6707fbca412f, type: 3}
      propertyPath: m_LocalRotation.y
      value: 0
      objectReference: {fileID: 0}
    - target: {fileID: -8679921383154817045, guid: de7c880acb597b64b98d6707fbca412f, type: 3}
      propertyPath: m_LocalRotation.z
      value: -0
      objectReference: {fileID: 0}
    - target: {fileID: -8679921383154817045, guid: de7c880acb597b64b98d6707fbca412f, type: 3}
      propertyPath: m_LocalEulerAnglesHint.x
      value: 0
      objectReference: {fileID: 0}
    - target: {fileID: -8679921383154817045, guid: de7c880acb597b64b98d6707fbca412f, type: 3}
      propertyPath: m_LocalEulerAnglesHint.y
      value: 0
      objectReference: {fileID: 0}
    - target: {fileID: -8679921383154817045, guid: de7c880acb597b64b98d6707fbca412f, type: 3}
      propertyPath: m_LocalEulerAnglesHint.z
      value: 0
      objectReference: {fileID: 0}
    - target: {fileID: 919132149155446097, guid: de7c880acb597b64b98d6707fbca412f, type: 3}
      propertyPath: m_Name
      value: wm_FR
      objectReference: {fileID: 0}
    m_RemovedComponents: []
  m_SourcePrefab: {fileID: 100100000, guid: de7c880acb597b64b98d6707fbca412f, type: 3}
--- !u!4 &3917441263341524762 stripped
Transform:
  m_CorrespondingSourceObject: {fileID: -8679921383154817045, guid: de7c880acb597b64b98d6707fbca412f, type: 3}
  m_PrefabInstance: {fileID: 3591397981650202865}
  m_PrefabAsset: {fileID: 0}
--- !u!1001 &6043578786996597500
PrefabInstance:
  m_ObjectHideFlags: 0
  serializedVersion: 2
  m_Modification:
    m_TransformParent: {fileID: 3911230462814008356}
    m_Modifications:
    - target: {fileID: -8679921383154817045, guid: de7c880acb597b64b98d6707fbca412f, type: 3}
      propertyPath: m_RootOrder
      value: 3
      objectReference: {fileID: 0}
    - target: {fileID: -8679921383154817045, guid: de7c880acb597b64b98d6707fbca412f, type: 3}
      propertyPath: m_LocalPosition.x
      value: -0.84
      objectReference: {fileID: 0}
    - target: {fileID: -8679921383154817045, guid: de7c880acb597b64b98d6707fbca412f, type: 3}
      propertyPath: m_LocalPosition.y
      value: 0.158
      objectReference: {fileID: 0}
    - target: {fileID: -8679921383154817045, guid: de7c880acb597b64b98d6707fbca412f, type: 3}
      propertyPath: m_LocalPosition.z
      value: 1.145
      objectReference: {fileID: 0}
    - target: {fileID: -8679921383154817045, guid: de7c880acb597b64b98d6707fbca412f, type: 3}
      propertyPath: m_LocalRotation.w
      value: 1
      objectReference: {fileID: 0}
    - target: {fileID: -8679921383154817045, guid: de7c880acb597b64b98d6707fbca412f, type: 3}
      propertyPath: m_LocalRotation.x
      value: 0.000000081460335
      objectReference: {fileID: 0}
    - target: {fileID: -8679921383154817045, guid: de7c880acb597b64b98d6707fbca412f, type: 3}
      propertyPath: m_LocalRotation.y
      value: 0
      objectReference: {fileID: 0}
    - target: {fileID: -8679921383154817045, guid: de7c880acb597b64b98d6707fbca412f, type: 3}
      propertyPath: m_LocalRotation.z
      value: -0
      objectReference: {fileID: 0}
    - target: {fileID: -8679921383154817045, guid: de7c880acb597b64b98d6707fbca412f, type: 3}
      propertyPath: m_LocalEulerAnglesHint.x
      value: 0
      objectReference: {fileID: 0}
    - target: {fileID: -8679921383154817045, guid: de7c880acb597b64b98d6707fbca412f, type: 3}
      propertyPath: m_LocalEulerAnglesHint.y
      value: 0
      objectReference: {fileID: 0}
    - target: {fileID: -8679921383154817045, guid: de7c880acb597b64b98d6707fbca412f, type: 3}
      propertyPath: m_LocalEulerAnglesHint.z
      value: 0
      objectReference: {fileID: 0}
    - target: {fileID: 919132149155446097, guid: de7c880acb597b64b98d6707fbca412f, type: 3}
      propertyPath: m_Name
      value: wm_RR
      objectReference: {fileID: 0}
    m_RemovedComponents: []
  m_SourcePrefab: {fileID: 100100000, guid: de7c880acb597b64b98d6707fbca412f, type: 3}
--- !u!4 &6076943177879246103 stripped
Transform:
  m_CorrespondingSourceObject: {fileID: -8679921383154817045, guid: de7c880acb597b64b98d6707fbca412f, type: 3}
  m_PrefabInstance: {fileID: 6043578786996597500}
  m_PrefabAsset: {fileID: 0}
--- !u!1001 &8365229477079791099
PrefabInstance:
  m_ObjectHideFlags: 0
  serializedVersion: 2
  m_Modification:
    m_TransformParent: {fileID: 3911230462814008356}
    m_Modifications:
    - target: {fileID: -8679921383154817045, guid: 14ea81f45f726354ba33ed37cbe8a0f2, type: 3}
      propertyPath: m_RootOrder
      value: 1
      objectReference: {fileID: 0}
    - target: {fileID: -8679921383154817045, guid: 14ea81f45f726354ba33ed37cbe8a0f2, type: 3}
      propertyPath: m_LocalPosition.x
      value: 0.838
      objectReference: {fileID: 0}
    - target: {fileID: -8679921383154817045, guid: 14ea81f45f726354ba33ed37cbe8a0f2, type: 3}
      propertyPath: m_LocalPosition.y
      value: 0.15
      objectReference: {fileID: 0}
    - target: {fileID: -8679921383154817045, guid: 14ea81f45f726354ba33ed37cbe8a0f2, type: 3}
      propertyPath: m_LocalPosition.z
      value: 1.136
      objectReference: {fileID: 0}
    - target: {fileID: -8679921383154817045, guid: 14ea81f45f726354ba33ed37cbe8a0f2, type: 3}
      propertyPath: m_LocalRotation.w
      value: 0.7071067
      objectReference: {fileID: 0}
    - target: {fileID: -8679921383154817045, guid: 14ea81f45f726354ba33ed37cbe8a0f2, type: 3}
      propertyPath: m_LocalRotation.x
      value: -0.7071068
      objectReference: {fileID: 0}
    - target: {fileID: -8679921383154817045, guid: 14ea81f45f726354ba33ed37cbe8a0f2, type: 3}
      propertyPath: m_LocalRotation.y
      value: 0
      objectReference: {fileID: 0}
    - target: {fileID: -8679921383154817045, guid: 14ea81f45f726354ba33ed37cbe8a0f2, type: 3}
      propertyPath: m_LocalRotation.z
      value: -0
      objectReference: {fileID: 0}
    - target: {fileID: -8679921383154817045, guid: 14ea81f45f726354ba33ed37cbe8a0f2, type: 3}
      propertyPath: m_LocalEulerAnglesHint.x
      value: 0
      objectReference: {fileID: 0}
    - target: {fileID: -8679921383154817045, guid: 14ea81f45f726354ba33ed37cbe8a0f2, type: 3}
      propertyPath: m_LocalEulerAnglesHint.y
      value: 0
      objectReference: {fileID: 0}
    - target: {fileID: -8679921383154817045, guid: 14ea81f45f726354ba33ed37cbe8a0f2, type: 3}
      propertyPath: m_LocalEulerAnglesHint.z
      value: 0
      objectReference: {fileID: 0}
    - target: {fileID: 919132149155446097, guid: 14ea81f45f726354ba33ed37cbe8a0f2, type: 3}
      propertyPath: m_Name
      value: wm_RL
      objectReference: {fileID: 0}
    m_RemovedComponents: []
  m_SourcePrefab: {fileID: 100100000, guid: 14ea81f45f726354ba33ed37cbe8a0f2, type: 3}
--- !u!4 &8331090442406515216 stripped
Transform:
  m_CorrespondingSourceObject: {fileID: -8679921383154817045, guid: 14ea81f45f726354ba33ed37cbe8a0f2, type: 3}
  m_PrefabInstance: {fileID: 8365229477079791099}
  m_PrefabAsset: {fileID: 0}
